<?xml version="1.0" encoding="UTF-8"?><collection xmlns="http://www.loc.gov/MARC21/slim"><record><leader>00541nam--2200193-u-4500</leader><controlfield tag="001">000050348</controlfield><controlfield tag="002">20161230</controlfield><controlfield tag="005">20170224084728</controlfield><controlfield tag="008">070112s1000------------r-----000-0-eng-d</controlfield><datafield ind1=" " ind2=" " tag="020"><subfield code="a">0750302666</subfield></datafield><datafield ind1=" " ind2=" " tag="040"><subfield code="a">IFIN-HH</subfield></datafield><datafield ind1=" " ind2=" " tag="080"><subfield code="a">530.145:512.545.3</subfield></datafield><datafield ind1="1" ind2=" " tag="100"><subfield code="a">Ushveridze,Alexander G</subfield></datafield><datafield ind1="1" ind2="0" tag="245"><subfield code="a">Quasi-Exactly Solvable Models in Quantum Mechanics</subfield><subfield code="c">Alexander G. Ushveridze</subfield></datafield><datafield ind1=" " ind2=" " tag="260"><subfield code="a">Bristol</subfield><subfield code="b">Institute of Physics Publishing</subfield><subfield code="c">1994</subfield></datafield><datafield ind1=" " ind2=" " tag="300"><subfield code="a">465 p</subfield></datafield><datafield ind1=" " ind2="4" tag="650"><subfield code="a">Quantum Thery</subfield></datafield><datafield ind1=" " ind2=" " tag="852"><subfield code="c">530.14</subfield></datafield><datafield ind1=" " ind2=" " tag="CAT"><subfield code="a">SYS</subfield><subfield code="c">20170224</subfield><subfield code="h">084728</subfield></datafield></record></collection>